@misc{kladov_2020, url={https://matklad.github.io/2020/04/13/simple-but-powerful-pratt-parsing.html}, journal={Simple but Powerful Pratt Parsing}, publisher={GitHub}, author={Kladov, Aleksey}, year={2020}, month={4}}
 
@misc{precedence, title={C Operator Precedence}, url={https://en.cppreference.com/w/c/language/operator_precedence}, journal={cppreference.com}}
  
@misc{weninger_2016, title={algorithmw-rust}, url={https://github.com/nwoeanhinnogaehr/algorithmw-rust}, journal={GitHub}, author={Weninger, Noah}, year={2016}, month={5}}

@misc{petgraph, title={petgraph}, url={https://docs.rs/petgraph/0.5.1/petgraph/}, journal={Docs.rs}, author={Kochkov, Anton}, year={2017}, month={7}}

@techreport{grabmuller,
  title={Algorithm W Step by Step},
  author={Grabm{\"u}ller, Martin},
  year={2006},
  institution={Technical Report}
}
